@misc{oxford-dictionary,
  title        = {{Oxford Learner's Dictionaries}},
  howpublished = {\url{https://www.oxfordlearnersdictionaries.com/definition/american_english/privacy}},
  note         = {2022-06-11}
}

@misc{etymonline,
  title        = {{Etymonline - Online Etymology Dictionary}},
  howpublished = {\url{https://www.etymonline.com/word/privacy}},
  note         = {2022-06-11}
}

@misc{stanford-philosophy,
  title        = {{Stanford Encyclopedia of Philosophy - Privacy}},
  howpublished = {\url{https://plato.stanford.edu/entries/privacy}},
  note         = {2022-06-11}
}

@inproceedings{history-of-privacy,
  author    = {Holvast, Jan},
  title     = {History of Privacy},
  booktitle = {The Future of Identity in the Information Society},
  year      = {2009},
  publisher = {Springer Berlin Heidelberg},
  pages     = {13--42},
  isbn      = {978-3-642-03315-5}
}

@book{privacy-and-freedom,
  author         = {Alan Furman Westin},
  publisher      = {New York: Atheneum},
  title          = {Privacy and freedom},
  year           = {1967}
}